@misc{schmidt2012trending,
  title={Trending now: using social media to predict and track disease outbreaks},
  author={Schmidt, Charles W},
  year={2012},
  publisher={National Institute of Environmental Health Sciences}
}
@article{elkin2017network,
  title={Network based model of social media big data predicts contagious disease diffusion},
  author={Elkin, Lauren S and Topal, Kamil and Bebek, Gurkan},
  journal={Information discovery and delivery},
  volume={45},
  number={3},
  pages={110--120},
  year={2017},
  publisher={Emerald Publishing Limited}
}
@article{chen2017reality,
  title={Reality mining: A prediction algorithm for disease dynamics based on mobile big data},
  author={Chen, Yuanfang and Crespi, Noel and Ortiz, Antonio M and Shu, Lei},
  journal={Information Sciences},
  volume={379},
  pages={82--93},
  year={2017},
  publisher={Elsevier}
}
@article{signorini2011use,
  title={The use of Twitter to track levels of disease activity and public concern in the US during the influenza A H1N1 pandemic},
  author={Signorini, Alessio and Segre, Alberto Maria and Polgreen, Philip M},
  journal={PloS one},
  volume={6},
  number={5},
  pages={e19467},
  year={2011},
  publisher={Public Library of Science}
}
@inproceedings{sadilek2012predicting,
  title={Predicting disease transmission from geo-tagged micro-blog data},
  author={Sadilek, Adam and Kautz, Henry and Silenzio, Vincent},
  booktitle={Twenty-Sixth AAAI Conference on Artificial Intelligence},
  year={2012}
}
@article{chen2017disease,
  title={Disease prediction by machine learning over big data from healthcare communities},
  author={Chen, Min and Hao, Yixue and Hwang, Kai and Wang, Lu and Wang, Lin},
  journal={Ieee Access},
  volume={5},
  pages={8869--8879},
  year={2017},
  publisher={IEEE}
}
@inproceedings{lee2013real,
  title={Real-time disease surveillance using twitter data: demonstration on flu and cancer},
  author={Lee, Kathy and Agrawal, Ankit and Choudhary, Alok},
  booktitle={Proceedings of the 19th ACM SIGKDD international conference on Knowledge discovery and data mining},
  pages={1474--1477},
  year={2013},
  organization={ACM}
}
@article{ginsberg2009detecting,
  title={Detecting influenza epidemics using search engine query data},
  author={Ginsberg, Jeremy and Mohebbi, Matthew H and Patel, Rajan S and Brammer, Lynnette and Smolinski, Mark S and Brilliant, Larry},
  journal={Nature},
  volume={457},
  number={7232},
  pages={1012},
  year={2009},
  publisher={Nature Publishing Group}
}
@article{denecke2009valuable,
  title={How valuable is medical social media data? Content analysis of the medical web},
  author={Denecke, Kerstin and Nejdl, Wolfgang},
  journal={Information Sciences},
  volume={179},
  number={12},
  pages={1870--1880},
  year={2009},
  publisher={Elsevier}
}
@article{andreu2015big,
  title={Big data for health},
  author={Andreu-Perez, Javier and Poon, Carmen CY and Merrifield, Robert D and Wong, Stephen TC and Yang, Guang-Zhong},
  journal={IEEE journal of biomedical and health informatics},
  volume={19},
  number={4},
  pages={1193--1208},
  year={2015},
  publisher={IEEE}
}
@article{salathe2011assessing,
  title={Assessing vaccination sentiments with online social media: implications for infectious disease dynamics and control},
  author={Salath{\'e}, Marcel and Khandelwal, Shashank},
  journal={PLoS computational biology},
  volume={7},
  number={10},
  pages={e1002199},
  year={2011},
  publisher={Public Library of Science}
}