@misc{schmidt2012trending,
  title={Trending now: using social media to predict and track disease outbreaks},
  author={Schmidt, Charles W},
  year={2012},
  publisher={National Institute of Environmental Health Sciences}
}
@article{elkin2017network,
  title={Network based model of social media big data predicts contagious disease diffusion},
  author={Elkin, Lauren S and Topal, Kamil and Bebek, Gurkan},
  journal={Information discovery and delivery},
  volume={45},
  number={3},
  pages={110--120},
  year={2017},
  publisher={Emerald Publishing Limited}
}
@article{chen2017reality,
  title={Reality mining: A prediction algorithm for disease dynamics based on mobile big data},
  author={Chen, Yuanfang and Crespi, Noel and Ortiz, Antonio M and Shu, Lei},
  journal={Information Sciences},
  volume={379},
  pages={82--93},
  year={2017},
  publisher={Elsevier}
}
@article{signorini2011use,
  title={The use of Twitter to track levels of disease activity and public concern in the US during the influenza A H1N1 pandemic},
  author={Signorini, Alessio and Segre, Alberto Maria and Polgreen, Philip M},
  journal={PloS one},
  volume={6},
  number={5},
  pages={e19467},
  year={2011},
  publisher={Public Library of Science}
}
@inproceedings{sadilek2012predicting,
  title={Predicting disease transmission from geo-tagged micro-blog data},
  author={Sadilek, Adam and Kautz, Henry and Silenzio, Vincent},
  booktitle={Twenty-Sixth AAAI Conference on Artificial Intelligence},
  year={2012}
}
@article{chen2017disease,
  title={Disease prediction by machine learning over big data from healthcare communities},
  author={Chen, Min and Hao, Yixue and Hwang, Kai and Wang, Lu and Wang, Lin},
  journal={Ieee Access},
  volume={5},
  pages={8869--8879},
  year={2017},
  publisher={IEEE}
}
@inproceedings{lee2013real,
  title={Real-time disease surveillance using twitter data: demonstration on flu and cancer},
  author={Lee, Kathy and Agrawal, Ankit and Choudhary, Alok},
  booktitle={Proceedings of the 19th ACM SIGKDD international conference on Knowledge discovery and data mining},
  pages={1474--1477},
  year={2013},
  organization={ACM}
}
@article{ginsberg2009detecting,
  title={Detecting influenza epidemics using search engine query data},
  author={Ginsberg, Jeremy and Mohebbi, Matthew H and Patel, Rajan S and Brammer, Lynnette and Smolinski, Mark S and Brilliant, Larry},
  journal={Nature},
  volume={457},
  number={7232},
  pages={1012},
  year={2009},
  publisher={Nature Publishing Group}
}
@article{denecke2009valuable,
  title={How valuable is medical social media data? Content analysis of the medical web},
  author={Denecke, Kerstin and Nejdl, Wolfgang},
  journal={Information Sciences},
  volume={179},
  number={12},
  pages={1870--1880},
  year={2009},
  publisher={Elsevier}
}
@article{andreu2015big,
  title={Big data for health},
  author={Andreu-Perez, Javier and Poon, Carmen CY and Merrifield, Robert D and Wong, Stephen TC and Yang, Guang-Zhong},
  journal={IEEE journal of biomedical and health informatics},
  volume={19},
  number={4},
  pages={1193--1208},
  year={2015},
  publisher={IEEE}
}
@article{salathe2011assessing,
  title={Assessing vaccination sentiments with online social media: implications for infectious disease dynamics and control},
  author={Salath{\'e}, Marcel and Khandelwal, Shashank},
  journal={PLoS computational biology},
  volume={7},
  number={10},
  pages={e1002199},
  year={2011},
  publisher={Public Library of Science}
}
@article{greenwood2016social,
  title={Social media update 2016},
  author={Greenwood, Shannon and Perrin, Andrew and Duggan, Maeve},
  journal={Pew Research Center},
  volume={11},
  number={2},
  year={2016}
}
@article{serban2019real,
  title={Real-time processing of social media with SENTINEL: a syndromic surveillance system incorporating deep learning for health classification},
  author={È˜erban, Ovidiu and Thapen, Nicholas and Maginnis, Brendan and Hankin, Chris and Foot, Virginia},
  journal={Information Processing \& Management},
  volume={56},
  number={3},
  pages={1166--1184},
  year={2019},
  publisher={Elsevier}
}
@Misc{cdc.gov,
howpublished = {\url{https://www.cdc.gov/flu/weekly/overview.htm}},
note = {Accessed December 8, 2019},
title = {U.S. Influenza Surveillance System: Purpose and Methods},
year = 2019,
author = "{Centers for Disease Control and Prevention}"
}
@Misc{cdc:fluView,
howpublished = {\url{https://www.cdc.gov/flu/weekly/index.htm}},
note = {Accessed December 8, 2019},
title = {Weekly U.S. Influenza Surveillance Report},
year = 2019,
author = "{Centers for Disease Control and Prevention}"
}
@Misc{archive,
howpublished = {\url{https://archive.org/}},
note = {Accessed December 8, 2019},
year = 2019,
author = "{Internet Archive}"
}
@Misc{cdc.symp,
howpublished = {\url{https://www.cdc.gov/flu/symptoms/symptoms.htm}},
note = {Accessed December 8, 2019},
title = {Flu Symptoms \& Complications},
year = 2019,
author = "{Centers for Disease Control and Prevention}"
}
@book{Chollet:2017:DLP:3203489,
 author = {Chollet, Francois},
 title = {Deep Learning with Python},
 year = {2017},
 isbn = {1617294438, 9781617294433},
 edition = {1st},
 publisher = {Manning Publications Co.},
 address = {Greenwich, CT, USA},
} 
@inproceedings{lamb2013separating,
  title={Separating fact from fear: Tracking flu infections on twitter},
  author={Lamb, Alex and Paul, Michael J and Dredze, Mark},
  booktitle={Proceedings of the 2013 Conference of the North American Chapter of the Association for Computational Linguistics: Human Language Technologies},
  pages={789--795},
  year={2013}
}
@inproceedings{lampos2010flu,
  title={Flu detector-tracking epidemics on Twitter},
  author={Lampos, Vasileios and De Bie, Tijl and Cristianini, Nello},
  booktitle={Joint European conference on machine learning and knowledge discovery in databases},
  pages={599--602},
  year={2010},
  organization={Springer}
}
@inproceedings{aramaki2011twitter,
  title={Twitter catches the flu: detecting influenza epidemics using Twitter},
  author={Aramaki, Eiji and Maskawa, Sachiko and Morita, Mizuki},
  booktitle={Proceedings of the conference on empirical methods in natural language processing},
  pages={1568--1576},
  year={2011},
  organization={Association for Computational Linguistics}
}
@Misc{cambridge,
howpublished = {\url{https://dictionary.cambridge.org/us/topics/disease-and-illness/colds-and-flu/}},
note = {Accessed December 15, 2019},
year = 2019,
author = "{Cambridge Dictionary}"
}
@article{vijayarani2015preprocessing,
  title={Preprocessing techniques for text mining-an overview},
  author={Vijayarani, S and Ilamathi, Ms J and Nithya, Ms},
  journal={International Journal of Computer Science \& Communication Networks},
  volume={5},
  number={1},
  pages={7--16},
  year={2015}
}
@article{jivani2011comparative,
  title={A comparative study of stemming algorithms},
  author={Jivani, Anjali Ganesh and others},
  journal={Int. J. Comp. Tech. Appl},
  volume={2},
  number={6},
  pages={1930--1938},
  year={2011}
}
@Misc{pytho_emo,
howpublished = {\url{https://pypi.org/project/emoji/}},
note = {Accessed December 15, 2019},
title = {emoji 0.5.4},
year = 2019,
author = "{Taehoon Kim and Kevin Wurster}"
}
@Misc{emo_list,
howpublished = {\url{http://www.unicode.org/emoji/charts/full-emoji-list.html}},
note = {Accessed December 15, 2019},
title = {Full Emoji List, v12.1},
year = 2019,
author = "{unicode.org}"
}
@Misc{twitter_dev,
howpublished = {\url{https://developer.twitter.com/en/docs/tweets/data-dictionary/overview/intro-to-tweet-json}},
note = {Accessed December 17, 2019},
title = {Tweet objects},
year = 2019,
author = "{Twitter}"
}
@Misc{relatedwords.org,
howpublished = {\url{https://relatedwords.org/relatedto/flu}},
note = {Accessed December 18, 2019},
title = {Words that are associated with flu},
year = 2019,
author = "{relatedwords}"
}
@book{feldman2007text,
  title={The text mining handbook: advanced approaches in analyzing unstructured data},
  author={Feldman, Ronen and Sanger, James},
  year={2007},
  publisher={Cambridge university press}
}
@article{perdana2018combining,
  title={Combining Likes-Retweet Analysis and Naive Bayes Classifier within Twitter for Sentiment Analysis},
  author={Perdana, Rizal Setya and Pinandito, Aryo},
  journal={Journal of Telecommunication, Electronic and Computer Engineering (JTEC)},
  volume={10},
  number={1-8},
  pages={41--46},
  year={2018}
}
@article{kim2016competitive,
  title={Competitive intelligence in social media Twitter: iPhone 6 vs. Galaxy S5},
  author={Kim, Yoosin and Dwivedi, Rahul and Zhang, Jie and Jeong, Seung Ryul},
  journal={Online Information Review},
  volume={40},
  number={1},
  pages={42--61},
  year={2016},
  publisher={Emerald Group Publishing Limited}
}
@article{uysal2014impact,
  title={The impact of preprocessing on text classification},
  author={Uysal, Alper Kursat and Gunal, Serkan},
  journal={Information Processing \& Management},
  volume={50},
  number={1},
  pages={104--112},
  year={2014},
  publisher={Elsevier}
}
@article{omary2010machine,
  title={Machine learning approach to identifying the dataset threshold for the performance estimators in supervised learning},
  author={Omary, Zanifa and Mtenzi, Fredrick},
  journal={International Journal for Infonomics (IJI)},
  volume={3},
  number={3},
  year={2010}
}
@book{grinstein2002information,
  title={Information visualization in data mining and knowledge discovery},
  author={Grinstein, Usama M Fayyad Georges G and Wierse, Andreas},
  year={2002},
  publisher={Morgan Kaufmann}
}
@Misc{archive_pri,
howpublished = {\url{https://archive.org/about/terms.php}},
note = {Accessed December 30, 2019},
title = {Internet Archive's Terms of Use, Privacy Policy, and Copyright Policy
},
year = 2019,
author = "{Internet Archive}"
}
@article{birsch2004moral,
  title={Moral responsibility for harm caused by computer system failures},
  author={Birsch, Douglas},
  journal={Ethics and Information Technology},
  volume={6},
  number={4},
  pages={233--245},
  year={2004},
  publisher={Springer}
}
@article{solove2007ven,
  title={I've got nothing to hide and other misunderstandings of privacy},
  author={Solove, Daniel J},
  journal={San Diego L. Rev.},
  volume={44},
  pages={745},
  year={2007},
  publisher={HeinOnline}
}
@Misc{ACM_C,
howpublished = {\url{https://www.acm.org/code-of-ethics}},
note = {Accessed December 30, 2019},
title = {ACM Code of Ethics and Professional Conduct
},
year = 2019,
author = "{ACM}"
}
@article{tankard2012big,
  title={Big data security},
  author={Tankard, Colin},
  journal={Network security},
  volume={2012},
  number={7},
  pages={5--8},
  year={2012},
  publisher={Elsevier}
}
@incollection{mill2016utilitarianism,
  title={Utilitarianism},
  author={Mill, John Stuart},
  booktitle={Seven masterpieces of philosophy},
  pages={337--383},
  year={2016},
  publisher={Routledge}
}
@article{alexander2007deontological,
  title={Deontological ethics (2007)},
  author={Alexander, Larry and Moore, Michael},
  journal={},
  year={2007},
}
@Misc{twitter_pri,
howpublished = {\url{https://twitter.com/en/privacy}},
note = {Accessed December 30, 2019},
title = {Twitter Privacy Policy},
year = 2019,
author = "{Twitter}"
}
@inproceedings{smith2012big,
  title={Big data privacy issues in public social media},
  author={Smith, Matthew and Szongott, Christian and Henne, Benjamin and Von Voigt, Gabriele},
  booktitle={2012 6th IEEE International Conference on Digital Ecosystems and Technologies (DEST)},
  pages={1--6},
  year={2012},
  organization={IEEE}
}
@inproceedings{felt2008privacy,
  title={Privacy protection for social networking platforms},
  author={Felt, Adrienne and Evans, David},
  year={2008},
  organization={Citeseer}
}
@article{burkell2014facebook,
  title={Facebook: Public space, or private space?},
  author={Burkell, Jacquelyn and Fortier, Alexandre and Wong, Lorraine (Lola) Yeung Cheryl and Simpson, Jennifer Lynn},
  journal={Information, Communication \& Society},
  volume={17},
  number={8},
  pages={974--985},
  year={2014},
  publisher={Taylor \& Francis}
}
@inproceedings{zhao2011comparing,
  title={Comparing twitter and traditional media using topic models},
  author={Zhao, Wayne Xin and Jiang, Jing and Weng, Jianshu and He, Jing and Lim, Ee-Peng and Yan, Hongfei and Li, Xiaoming},
  booktitle={European conference on information retrieval},
  pages={338--349},
  year={2011},
  organization={Springer}
}
@inproceedings{yan2013biterm,
  title={A biterm topic model for short texts},
  author={Yan, Xiaohui and Guo, Jiafeng and Lan, Yanyan and Cheng, Xueqi},
  booktitle={Proceedings of the 22nd international conference on World Wide Web},
  pages={1445--1456},
  year={2013}
}
@article{blei2003latent,
  title={Latent dirichlet allocation},
  author={Blei, David M and Ng, Andrew Y and Jordan, Michael I},
  journal={Journal of machine Learning research},
  volume={3},
  number={Jan},
  pages={993--1022},
  year={2003}
}
@inproceedings{hofmann1999probabilistic,
  title={Probabilistic latent semantic indexing},
  author={Hofmann, Thomas},
  booktitle={Proceedings of the 22nd annual international ACM SIGIR conference on Research and development in information retrieval},
  pages={50--57},
  year={1999}
}
@article{cheng2014btm,
  title={Btm: Topic modeling over short texts},
  author={Cheng, Xueqi and Yan, Xiaohui and Lan, Yanyan and Guo, Jiafeng},
  journal={IEEE Transactions on Knowledge and Data Engineering},
  volume={26},
  number={12},
  pages={2928--2941},
  year={2014},
  publisher={IEEE}
}
@article{journals/corr/cs-CL-0205028,
  added-at = {2020-01-10T00:00:00.000+0100},
  author = {Loper, Edward and Bird, Steven},
  biburl = {https://www.bibsonomy.org/bibtex/2eac35636d7e2bb4a0264313ed0791372/dblp},
  ee = {https://arxiv.org/abs/cs/0205028},
  interhash = {1af05e5f1cea0feeea8da5f68707a841},
  intrahash = {eac35636d7e2bb4a0264313ed0791372},
  journal = {CoRR},
  keywords = {dblp},
  timestamp = {2020-01-11T11:43:05.000+0100},
  title = {NLTK: The Natural Language Toolkit},
  url = {http://dblp.uni-trier.de/db/journals/corr/corr0205.html#cs-CL-0205028},
  volume = {cs.CL/0205028},
  year = 2002
}

@article{paul2014discovering,
  title={Discovering health topics in social media using topic models},
  author={Paul, Michael J and Dredze, Mark},
  journal={PloS one},
  volume={9},
  number={8},
  year={2014},
  publisher={Public Library of Science}
}
@inproceedings{tuarob2013discovering,
  title={Discovering health-related knowledge in social media using ensembles of heterogeneous features},
  author={Tuarob, Suppawong and Tucker, Conrad S and Salathe, Marcel and Ram, Nilam},
  booktitle={Proceedings of the 22nd ACM international conference on Information \& Knowledge Management},
  pages={1685--1690},
  year={2013}
}
@inproceedings{paul2011you,
  title={You are what you tweet: Analyzing twitter for public health},
  author={Paul, Michael J and Dredze, Mark},
  booktitle={Fifth International AAAI Conference on Weblogs and Social Media},
  year={2011}
}
@inproceedings{culotta2010towards,
  title={Towards detecting influenza epidemics by analyzing Twitter messages},
  author={Culotta, Aron},
  booktitle={Proceedings of the first workshop on social media analytics},
  pages={115--122},
  year={2010}
}
@inproceedings{sadilek2012modeling,
  title={Modeling spread of disease from social interactions},
  author={Sadilek, Adam and Kautz, Henry and Silenzio, Vincent},
  booktitle={Sixth International AAAI Conference on Weblogs and Social Media},
  year={2012}
}
@article{sloan,
  title={Who Tweets with Their Location? Understanding the Relationship between Demographic Characteristics and the Use of Geoservices and Geotagging on Twitter},
  author={Sloan L, Morgan J},
  journal={PloS one},
  volume={10},
  number={11},
  year={2015}
}
@book{baeza1999modern,
  title={Modern information retrieval},
  author={Baeza-Yates, Ricardo and Ribeiro-Neto, Berthier and others},
  volume={463},
  year={1999},
  publisher={ACM press New York}
}
